@Misc{ref:ehu_aviris_cuprite,
  author =       {AVIRIS},
  title =        {Cuprite},
  howpublished = {URL: \url{http://www.ehu.eus/ccwintco/index.php/Hyperspectral_Remote_Sensing_Scenes}}}

@Misc{ref:ehu_rosis_pavia_centre,
  author =       {ROSIS},
  title =        {Pavia Centre},
  howpublished = {URL: \url{http://www.ehu.eus/ccwintco/index.php/Hyperspectral_Remote_Sensing_Scenes}}}

@Misc{ref:aviris,
  title =        {{AVIRIS Data Portal}},
  howpublished = {URL: \url{https://aviris.jpl.nasa.gov/alt_locator/}}}

@article{ref:tensor_trains,
  author =      {Oseledets, I. V.},
  title =       {Tensor-Train Decomposition},
  journal =     {SIAM Journal on Scientific Computing},
  year =        2011}

@article{ref:kolda,
  author =      {Kolda, T. G. and Bader, B. W.},
  title =       {Tensor Decompositions and Applications},
  journal =     {SIAM Review 51},
  year =        2009}

@article{ref:st_hosvd,
  author =      {Vannieuwenhoven, N. and Vandebril, R. and Meerbergen, K.},
  title =       {A New Truncation Strategy for the Higher-Order Singular Value Decomposition},
  journal =     {SIAM Journal on Scientific Computing},
  year =        2012}

@article{ref:tucker,
  author =      {Tucker, L. R.},
  title =       {Implications of factor analysis of three-way matrices for measurement of change},
  journal =     {University of Wisconsin Press},
  year =        1963}