@Misc{ref:cuprite,
  author =       {AVIRIS},
  title =        {Cuprite},
  howpublished = {URL: \url{http://www.ehu.eus/ccwintco/index.php/Hyperspectral_Remote_Sensing_Scenes}}}

@Misc{ref:pavia,
  author =       {ROSIS},
  title =        {Pavia Centre},
  howpublished = {URL: \url{http://www.ehu.eus/ccwintco/index.php/Hyperspectral_Remote_Sensing_Scenes}}}

@Misc{ref:svd,
  author =       {Wikipedia},
  title =        {Singular value decomposition},
  howpublished = {URL: \url{https://en.wikipedia.org/wiki/Singular_value_decomposition}}}

@Misc{ref:lapack,
  author =       {{LAPACK team}},
  title =        {{LAPACK}},
  howpublished = {URL: \url{http://www.netlib.org/lapack/}}}

@Misc{ref:lanczos,
  author =       {Wikipedia},
  title =        {Lanczos algorithm},
  howpublished = {URL: \url{https://en.wikipedia.org/wiki/Lanczos_algorithm}}}

@Misc{ref:saad,
  author =       {Chen, J. and Saad, Y.},
  title =        {{Lanczos Vectors versus Singular Vectors for Effective Dimension Reduction}},
  year =	         2016}
